@article{stellarcollapsetables,
  author={Evan O'Connor and Christian D Ott},
  title={A new open-source code for spherically symmetric stellar collapse to neutron stars and black holes},
  journal={Classical and Quantum Gravity},
  volume={27},
  number={11},
  pages={114103},
  url={http://stacks.iop.org/0264-9381/27/i=11/a=114103},
  year={2010},
}

@misc{stellarcollapseweb,
  author = {Evan O'Connor and Christian D Ott},
  title = {Stellar Collapse: Microphysics},
  year = {2010--},
  url = {https://stellarcollapse.org/equationofstate},
  note = {Online access. \url{https://stellarcollapse.org/equationofstate}},
}

@ARTICLE{Fontes20LineBinned,
       author = {{Fontes}, C.~J. and {Fryer}, C.~L. and {Hungerford}, A.~L. and {Wollaeger}, R.~T. and {Korobkin}, O.},
        title = "{A line-binned treatment of opacities for the spectra and light curves from neutron star mergers}",
      journal = {\mnras},
     keywords = {gravitational waves, opacity, radiative transfer, stars: neutron, Astrophysics - High Energy Astrophysical Phenomena},
         year = 2020,
        month = apr,
       volume = {493},
       number = {3},
        pages = {4143-4171},
          doi = {10.1093/mnras/staa485},
archivePrefix = {arXiv},
       eprint = {1904.08781},
 primaryClass = {astro-ph.HE},
       adsurl = {https://ui.adsabs.harvard.edu/abs/2020MNRAS.493.4143F},
      adsnote = {Provided by the SAO/NASA Astrophysics Data System}
}

@ARTICLE{Zhu21DustOpacity,
       author = {{Zhu}, Zhaohuan and {Jiang}, Yan-Fei and {Baehr}, Hans and {Youdin}, Andrew N. and {Armitage}, Philip J. and {Martin}, Rebecca G.},
        title = "{Global 3D radiation hydrodynamic simulations of proto-Jupiter's convective envelope}",
      journal = {\mnras},
     keywords = {convection, opacity, radiation: dynamics, planets and satellites: formation, planets and satellites: gaseous planets, protoplanetary discs, Astrophysics - Earth and Planetary Astrophysics},
         year = 2021,
        month = nov,
       volume = {508},
       number = {1},
        pages = {453-474},
          doi = {10.1093/mnras/stab2517},
archivePrefix = {arXiv},
       eprint = {2106.12003},
 primaryClass = {astro-ph.EP},
       adsurl = {https://ui.adsabs.harvard.edu/abs/2021MNRAS.508..453Z},
      adsnote = {Provided by the SAO/NASA Astrophysics Data System}
}

@ARTICLE{Mills24GRRMHDBH,
       author = {{Mills}, Brianna S. and {Davis}, Shane W. and {Jiang}, Yan-Fei and {Middleton}, Matthew J.},
        title = "{Spectral Calculations of 3D Radiation Magnetohydrodynamic Simulations of Super-Eddington Accretion onto a Stellar-mass Black Hole}",
      journal = {\apj},
     keywords = {Radiative transfer simulations, Ultraluminous x-ray sources, Magnetohydrodynamical simulations, Astrophysical black holes, Schwarzschild black holes, Stellar mass black holes, X-ray astronomy, Astronomy data modeling, 1967, 2164, 1966, 98, 1433, 1611, 1810, 1859, Astrophysics - High Energy Astrophysical Phenomena},
         year = 2024,
        month = oct,
       volume = {974},
       number = {2},
          eid = {166},
        pages = {166},
          doi = {10.3847/1538-4357/ad6b21},
archivePrefix = {arXiv},
       eprint = {2304.07977},
 primaryClass = {astro-ph.HE},
       adsurl = {https://ui.adsabs.harvard.edu/abs/2024ApJ...974..166M},
      adsnote = {Provided by the SAO/NASA Astrophysics Data System}
}

@ARTICLE{fornax,
    author = {{Skinner}, M.~A. and {Dolence}, J.~C. and {Burrows}, A. and
         {Radice}, D. and {Vartanyan}, D.},
     title = "{FORNAX: A Flexible Code for Multiphysics Astrophysical 
Simulations}",
   journal = {\apjs},
archivePrefix = "arXiv",
    eprint = {1806.07390},
  primaryClass = "astro-ph.IM",
  keywords = {methods: numerical },
      year = 2019,
     month = mar,
    volume = 241,
       eid = {7},
     pages = {7},
       doi = {10.3847/1538-4365/ab007f},
    adsurl = {https://ui.adsabs.harvard.edu/abs/2019ApJS..241....7S},
   adsnote = {Provided by the SAO/NASA Astrophysics Data System}
}

@ARTICLE{BurrowsNeutrinos,
   author = {{Burrows}, A. and {Reddy}, S. and {Thompson}, T.~A.},
    title = "{Neutrino opacities in nuclear matter}",
  journal = {Nuclear Physics A},
   eprint = {astro-ph/0404432},
     year = 2006,
    month = oct,
   volume = 777,
    pages = {356-394},
      doi = {10.1016/j.nuclphysa.2004.06.012},
   adsurl = {http://adsabs.harvard.edu/abs/2006NuPhA.777..356B},
  adsnote = {Provided by the SAO/NASA Astrophysics Data System}
}

@ARTICLE{OConnorNuLib,
       author = {{O'Connor}, Evan},
        title = "{An Open-source Neutrino Radiation Hydrodynamics Code for Core-collapse Supernovae}",
      journal = {\apjs},
     keywords = {black hole physics, hydrodynamics, neutrinos, radiative transfer, stars: neutron, supernovae: general, Astrophysics - High Energy Astrophysical Phenomena, Nuclear Theory},
         year = 2015,
        month = aug,
       volume = {219},
       number = {2},
          eid = {24},
        pages = {24},
          doi = {10.1088/0067-0049/219/2/24},
archivePrefix = {arXiv},
       eprint = {1411.7058},
 primaryClass = {astro-ph.HE},
       adsurl = {https://ui.adsabs.harvard.edu/abs/2015ApJS..219...24O},
      adsnote = {Provided by the SAO/NASA Astrophysics Data System}
}

@article{REACLIB,
doi = {10.1088/0067-0049/189/1/240},
url = {https://dx.doi.org/10.1088/0067-0049/189/1/240},
year = {2010},
month = {jun},
publisher = {The American Astronomical Society},
volume = {189},
number = {1},
pages = {240},
author = {Richard H. Cyburt and A. Matthew Amthor and Ryan Ferguson and Zach Meisel and Karl Smith and Scott Warren and Alexander Heger and R. D. Hoffman and Thomas Rauscher and Alexander Sakharuk and Hendrik Schatz and F. K. Thielemann and Michael Wiescher},
title = {THE JINA REACLIB DATABASE: ITS RECENT UPDATES AND IMPACT ON TYPE-I X-RAY BURSTS},
journal = {The Astrophysical Journal Supplement Series},
}

@article{singularityeos, 
doi = {10.21105/joss.06805}, 
url = {https://doi.org/10.21105/joss.06805}, 
year = {2024}, 
publisher = {The Open Journal}, 
volume = {9}, 
number = {103}, 
pages = {6805}, 
author = {Jonah M. Miller and others}, 
title = {Singularity-EOS: Performance Portable Equations of State and Mixed Cell Closures}, 
journal = {Journal of Open Source Software} } 

@article{parthenon,
author = {Philipp Grete and Joshua C Dolence and Jonah M Miller and Joshua Brown and Ben Ryan and Andrew Gaspar and Forrest Glines and Sriram Swaminarayan and Jonas Lippuner and Clell J Solomon and Galen Shipman and Christoph Junghans and Daniel Holladay and James M Stone and Luke F Roberts},
title ={Parthenon—a performance portable block-structured adaptive mesh refinement framework},
journal = {The International Journal of High Performance Computing Applications},
volume = {37},
number = {5},
pages = {465-486},
year = {2023},
doi = {10.1177/10943420221143775},
URL = {https://doi.org/10.1177/10943420221143775},
eprint = {https://doi.org/10.1177/10943420221143775},
}

@ARTICLE{Kokkos,
  author={Trott, Christian R. and Lebrun-Grandié, Damien and Arndt, Daniel and Ciesko, Jan and Dang, Vinh and Ellingwood, Nathan and Gayatri, Rahulkumar and Harvey, Evan and Hollman, Daisy S. and Ibanez, Dan and Liber, Nevin and Madsen, Jonathan and Miles, Jeff and Poliakoff, David and Powell, Amy and Rajamanickam, Sivasankaran and Simberg, Mikael and Sunderland, Dan and Turcksin, Bruno and Wilke, Jeremiah},
  journal={IEEE Transactions on Parallel and Distributed Systems},
  title={Kokkos 3: Programming Model Extensions for the Exascale Era},
  year={2022},
  volume={33},
  number={4},
  pages={805-817},
  doi={10.1109/TPDS.2021.3097283}}

@ARTICLE{Phoebus,
       author = {{Barker}, Brandon and {Gogilashvili}, Mariam and {Rodriguez-Bueno}, Janiris and {Fields}, Carl and {Dolence}, Joshua and {Miller}, Jonah and {Murphy}, Jeremiah and {Roberts}, Luke and {Ryan}, Benjamin},
        title = "{Phoebus: Performance Portable GRRMHD for Relativistic Astrophysics}",
      journal = {arXiv e-prints},
     keywords = {Astrophysics - High Energy Astrophysical Phenomena, Astrophysics - Instrumentation and Methods for Astrophysics, Astrophysics - Solar and Stellar Astrophysics, Physics - Computational Physics},
         year = 2024,
        month = oct,
          eid = {arXiv:2410.09146},
        pages = {arXiv:2410.09146},
          doi = {10.48550/arXiv.2410.09146},
archivePrefix = {arXiv},
       eprint = {2410.09146},
 primaryClass = {astro-ph.HE},
       adsurl = {https://ui.adsabs.harvard.edu/abs/2024arXiv241009146B},
      adsnote = {Provided by the SAO/NASA Astrophysics Data System}
}

@ARTICLE{StoneAthenaKBase,
       author = {{Stone}, James M. and {Mullen}, Patrick D. and {Fielding}, Drummond and {Grete}, Philipp and {Guo}, Minghao and {Kempski}, Philipp and {Most}, Elias R. and {White}, Christopher J. and {Wong}, George N.},
        title = "{AthenaK: A Performance-Portable Version of the Athena++ AMR Framework}",
      journal = {arXiv e-prints},
     keywords = {Astrophysics - Instrumentation and Methods for Astrophysics},
         year = 2024,
        month = sep,
          eid = {arXiv:2409.16053},
        pages = {arXiv:2409.16053},
          doi = {10.48550/arXiv.2409.16053},
archivePrefix = {arXiv},
       eprint = {2409.16053},
 primaryClass = {astro-ph.IM},
       adsurl = {https://ui.adsabs.harvard.edu/abs/2024arXiv240916053S},
      adsnote = {Provided by the SAO/NASA Astrophysics Data System}
}

@ARTICLE{Zhu24AthenaKNR,
       author = {{Zhu}, Hengrui and {Fields}, Jacob and {Zappa}, Francesco and {Radice}, David and {Stone}, James and {Rashti}, Alireza and {Cook}, William and {Bernuzzi}, Sebastiano and {Daszuta}, Boris},
        title = "{Performance-Portable Numerical Relativity with AthenaK}",
      journal = {arXiv e-prints},
     keywords = {General Relativity and Quantum Cosmology, Astrophysics - High Energy Astrophysical Phenomena, Astrophysics - Instrumentation and Methods for Astrophysics},
         year = 2024,
        month = sep,
          eid = {arXiv:2409.10383},
        pages = {arXiv:2409.10383},
          doi = {10.48550/arXiv.2409.10383},
archivePrefix = {arXiv},
       eprint = {2409.10383},
 primaryClass = {gr-qc},
       adsurl = {https://ui.adsabs.harvard.edu/abs/2024arXiv240910383Z},
      adsnote = {Provided by the SAO/NASA Astrophysics Data System}
}

@ARTICLE{Fields24BNS,
       author = {{Fields}, Jacob and {Zhu}, Hengrui and {Radice}, David and {Stone}, James M. and {Cook}, William and {Bernuzzi}, Sebastiano and {Daszuta}, Boris},
        title = "{Performance-Portable Binary Neutron Star Mergers with AthenaK}",
      journal = {arXiv e-prints},
     keywords = {Astrophysics - High Energy Astrophysical Phenomena, General Relativity and Quantum Cosmology},
         year = 2024,
        month = sep,
          eid = {arXiv:2409.10384},
        pages = {arXiv:2409.10384},
          doi = {10.48550/arXiv.2409.10384},
archivePrefix = {arXiv},
       eprint = {2409.10384},
 primaryClass = {astro-ph.HE},
       adsurl = {https://ui.adsabs.harvard.edu/abs/2024arXiv240910384F},
      adsnote = {Provided by the SAO/NASA Astrophysics Data System}
}

@article{Spiner, 
doi = {10.21105/joss.04367}, 
url = {https://doi.org/10.21105/joss.04367}, 
year = {2022}, 
publisher = {The Open Journal},
volume = {7},
number = {75}, 
pages = {4367}, 
author = {Jonah M. Miller and Daniel Holladay and Chad D. Meyer and Joshua C. Dolence and Sriram Swaminarayan and Christopher M. Mauney and Karen Tsai}, 
title = {Spiner: Performance Portable Routines for Generic, Tabulated, Multi-Dimensional Data}, 
journal = {Journal of Open Source Software} } 

@techreport{sesame,
author = "Lyon, Stanford P. and Johnson, James D.",
title = {Sesame: The {L}os {A}lamos {N}ational {L}aboratory Equation of State Database},
institution = "Los Alamos National Laboratory",
number="LA-UR-92-3407",
year = "1992"}

@ARTICLE{NQTo1,
       author = {{Miller}, Jonah M. and {Dolence}, Joshua C. and {Holladay}, Daniel},
        title = "{Not-Quite Transcendental Functions and their Applications}",
      journal = {arXiv e-prints},
     keywords = {Physics - Computational Physics, Computer Science - Performance, Mathematics - Numerical Analysis},
         year = 2022,
        month = jun,
          eid = {arXiv:2206.08957},
        pages = {arXiv:2206.08957},
          doi = {10.48550/arXiv.2206.08957},
archivePrefix = {arXiv},
       eprint = {2206.08957},
 primaryClass = {physics.comp-ph},
       adsurl = {https://ui.adsabs.harvard.edu/abs/2022arXiv220608957M},
      adsnote = {Provided by the SAO/NASA Astrophysics Data System}
}

@ARTICLE{HelmEOS,
       author = {{Timmes}, F.~X. and {Swesty}, F. Douglas},
        title = "{The Accuracy, Consistency, and Speed of an Electron-Positron Equation of State Based on Table Interpolation of the Helmholtz Free Energy}",
      journal = {\apjs},
     keywords = {EQUATION OF STATE, HYDRODYNAMICS, METHODS: NUMERICAL, STARS: GENERAL, Equation of State, Hydrodynamics, Methods: Numerical, Stars: General},
         year = 2000,
        month = feb,
       volume = {126},
       number = {2},
        pages = {501-516},
          doi = {10.1086/313304},
       adsurl = {https://ui.adsabs.harvard.edu/abs/2000ApJS..126..501T},
      adsnote = {Provided by the SAO/NASA Astrophysics Data System}
}

@book{townsend1915functions,
  title={Functions of a Complex Variable},
  author={Townsend, E.J.},
  lccn={15024521},
  series={American mathematical series},
  url={https://books.google.com/books?id=JDUNAAAAYAAJ},
  year={1915},
  publisher={H. Holt}
}

@book{cody1980software,
  title={Software Manual for the Elementary Functions},
  author={Cody, W.J. and Waite, W.M.C.},
  isbn={9780138220648},
  lccn={80014411},
  series={Prentice-Hall Foundations of Earth Science Series},
  url={https://books.google.com/books?id=d4UZAQAAIAAJ},
  year={1980},
  publisher={Prentice-Hall}
}

@ARTICLE{Hall,
  author={Hall, E.L. and Lynch, D.D. and Dwyer, S.J.},
  journal={IEEE Transactions on Computers}, 
  title={Generation of Products and Quotients Using Approximate Binary Logarithms for Digital Filtering Applications}, 
  year={1970},
  volume={C-19},
  number={2},
  pages={97-105},
  doi={10.1109/T-C.1970.222874}}

@ARTICLE{Blinn,
  author={Blinn, J.F.},
  journal={IEEE Computer Graphics and Applications}, 
  title={Floating-point tricks}, 
  year={1997},
  volume={17},
  number={4},
  pages={80-84},
  doi={10.1109/38.595279}}

@article{SFHoEOS,
   author = {{Steiner}, A.~W. and {Hempel}, M. and {Fischer}, T.},
    title = "{Core-collapse Supernova Equations of State Based on Neutron Star Observations}",
  journal = {\apj},
archivePrefix = "arXiv",
   eprint = {1207.2184},
 primaryClass = "astro-ph.SR",
 keywords = {equation of state, dense matter, hydrodynamics, stars: neutron, supernovae: general },
     year = 2013,
    month = sep,
   volume = 774,
      eid = {17},
    pages = {17},
      doi = {10.1088/0004-637X/774/1/17},
   adsurl = {http://adsabs.harvard.edu/abs/2013ApJ...774...17S},
  adsnote = {Provided by the SAO/NASA Astrophysics Data System}
}

@book{PimentelDavidA2021EUMV,
year = {2021},
title = {EOSPAC User’s Manual: V.6.5},
language = {eng},
address = {United States},
author = {Pimentel, David A},
keywords = {EOSPAC SESAME Equation of State Interpolation Thermodynamics ; MATHEMATICS AND COMPUTING},
doi = {10.2172/1765849},
organization = {Los Alamos National Lab. (LANL), Los Alamos, NM (United States)},
}

@article{
Tolman1,
author = {Richard C. Tolman },
title = {Effect of Inhomogeneity on Cosmological Models},
journal = {Proceedings of the National Academy of Sciences},
volume = {20},
number = {3},
pages = {169-176},
year = {1934},
doi = {10.1073/pnas.20.3.169},
URL = {https://www.pnas.org/doi/abs/10.1073/pnas.20.3.169},
eprint = {https://www.pnas.org/doi/pdf/10.1073/pnas.20.3.169}}

@ARTICLE{Tolman2,
       author = {{Tolman}, Richard C.},
        title = "{Static Solutions of Einstein's Field Equations for Spheres of Fluid}",
      journal = {Physical Review},
         year = 1939,
        month = feb,
       volume = {55},
       number = {4},
        pages = {364-373},
          doi = {10.1103/PhysRev.55.364},
       adsurl = {https://ui.adsabs.harvard.edu/abs/1939PhRv...55..364T},
      adsnote = {Provided by the SAO/NASA Astrophysics Data System}
}

@ARTICLE{TOV3,
       author = {{Oppenheimer}, J.~R. and {Volkoff}, G.~M.},
        title = "{On Massive Neutron Cores}",
      journal = {Physical Review},
         year = 1939,
        month = feb,
       volume = {55},
       number = {4},
        pages = {374-381},
          doi = {10.1103/PhysRev.55.374},
       adsurl = {https://ui.adsabs.harvard.edu/abs/1939PhRv...55..374O},
      adsnote = {Provided by the SAO/NASA Astrophysics Data System}
}

@ARTICLE{yt,
       author = {{Turk}, Matthew J. and {Smith}, Britton D. and {Oishi}, Jeffrey S. and {Skory}, Stephen and {Skillman}, Samuel W. and {Abel}, Tom and {Norman}, Michael L.},
        title = "{yt: A Multi-code Analysis Toolkit for Astrophysical Simulation Data}",
      journal = {\apjs},
     keywords = {cosmology: theory, methods: data analysis, methods: numerical, Astrophysics - Instrumentation and Methods for Astrophysics, Astrophysics - Cosmology and Nongalactic Astrophysics},
         year = 2011,
        month = jan,
       volume = {192},
       number = {1},
          eid = {9},
        pages = {9},
          doi = {10.1088/0067-0049/192/1/9},
archivePrefix = {arXiv},
       eprint = {1011.3514},
 primaryClass = {astro-ph.IM},
       adsurl = {https://ui.adsabs.harvard.edu/abs/2011ApJS..192....9T},
      adsnote = {Provided by the SAO/NASA Astrophysics Data System}
}

@techreport{IEEE754-2019,
  title        = {IEEE Standard for Floating-Point Arithmetic},
  author       = {{IEEE Computer Society}},
  type         = {Standard},
  number       = {IEEE Std 754-2019},
  institution  = {Institute of Electrical and Electronics Engineers (IEEE)},
  year         = {2019},
  url          = {https://standards.ieee.org/standard/754-2019.html},
}

@book{warren2012hacker,
  title={Hacker's Delight},
  author={Warren, H.S.},
  isbn={9780133085013},
  url={https://books.google.com/books?id=VicPJYM0I5QC},
  year={2012},
  publisher={Pearson Education}
}

@ARTICLE{WizardryOfId,
  author={Kushner, D.},
  journal={IEEE Spectrum}, 
  title={The wizardry of Id [video games]}, 
  year={2002},
  volume={39},
  number={8},
  pages={42-47},
  doi={10.1109/MSPEC.2002.1021943}}

@misc{fastinvqrt,
  author = {Abrash, Michael and Carmack, John},
  title = {Fast Inverse Square Root Algorithm},
  year = {1999},
  note = {Part of the Quake III Arena source code},
  url = {https://github.com/id-Software/Quake-III-Arena},
}

@article{Peterson2012CopperEOS,
    author = {Peterson, Jeffrey H. and Honnell, Kevin G. and Greeff, Carl and Johnson, James D. and Boettger, Jonathan and Crockett, Scott},
    title = {Global equation of state for copper},
    journal = {AIP Conference Proceedings},
    volume = {1426},
    number = {1},
    pages = {763-766},
    year = {2012},
    month = {03},
    issn = {0094-243X},
    doi = {10.1063/1.3686390},
    url = {https://doi.org/10.1063/1.3686390},
    eprint = {https://pubs.aip.org/aip/acp/article-pdf/1426/1/763/11876297/763\_1\_online.pdf},
}

@ARTICLE{Iglesias96Opal,
       author = {{Iglesias}, Carlos A. and {Rogers}, Forrest J.},
        title = "{Updated Opal Opacities}",
      journal = {\apj},
     keywords = {ATOMIC DATA, ATOMIC PROCESSES, STARS: INTERIORS},
         year = 1996,
        month = jun,
       volume = {464},
        pages = {943},
          doi = {10.1086/177381},
       adsurl = {https://ui.adsabs.harvard.edu/abs/1996ApJ...464..943I},
      adsnote = {Provided by the SAO/NASA Astrophysics Data System}
}

@ARTICLE{Rogers92Opal,
       author = {{Rogers}, Forrest J. and {Iglesias}, Carlos A.},
        title = "{Radiative Atomic Rosseland Mean Opacity Tables}",
      journal = {\apjs},
     keywords = {Atomic Spectra, Opacity, Radiative Transfer, Stellar Composition, Stellar Envelopes, Stellar Interiors, Abundance, Equations Of State, Metallicity, Stellar Atmospheres, Atomic and Molecular Physics, ATOMIC DATA, ATOMIC PROCESSES, STARS: INTERIORS},
         year = 1992,
        month = apr,
       volume = {79},
        pages = {507},
          doi = {10.1086/191659},
       adsurl = {https://ui.adsabs.harvard.edu/abs/1992ApJS...79..507R},
      adsnote = {Provided by the SAO/NASA Astrophysics Data System}
}

@article{Hermite1877,
author = {Hermite, Ch.},
journal = {Journal für die reine und angewandte Mathematik},
keywords = {Lagrange interpolation formula},
pages = {70-79},
title = {Sur la formule d'interpolation de Lagrange. (Extrait d'une lettre de M. Ch. Hermite à M. Borchardt).},
url = {http://eudml.org/doc/148345},
volume = {84},
year = {1877},
}

@article{Traub64Hermite,
 ISSN = {03684245},
 URL = {http://www.jstor.org/stable/2946361},
 author = {J. F. Traub},
 journal = {Journal of the Society for Industrial and Applied Mathematics},
 number = {4},
 pages = {886--891},
 publisher = {Society for Industrial and Applied Mathematics},
 title = {On Lagrange-Hermite Interpolation},
 urldate = {2025-01-09},
 volume = {12},
 year = {1964}
}

@misc{NQTRepoZenodo,
  author       = {{Los Alamos National Laboratory} and 
                   Miller, Jonah and
                  Holladay, Daniel and
                  Dolence, Joshua and
                  Hammond, Peter and
                  Fields, Jacob and
                  Barker, Brandon},
  title        = {Not Quite Transcendental Functions},
  month        = feb,
  year         = 2025,
  publisher    = {Zenodo},
  doi          = {10.5281/zenodo.14884918},
  url          = {https://doi.org/10.5281/zenodo.14884918},
}