@book{townsend1915functions,
  title={Functions of a Complex Variable},
  author={Townsend, E.J.},
  lccn={15024521},
  series={American mathematical series},
  url={https://books.google.com/books?id=JDUNAAAAYAAJ},
  year={1915},
  publisher={H. Holt}
}

@book{cody1980software,
  title={Software Manual for the Elementary Functions},
  author={Cody, W.J. and Waite, W.M.C.},
  isbn={9780138220648},
  lccn={80014411},
  series={Prentice-Hall Foundations of Earth Science Series},
  url={https://books.google.com/books?id=d4UZAQAAIAAJ},
  year={1980},
  publisher={Prentice-Hall}
}

@ARTICLE{Marino1672109,
  author={Marino, D.},
  journal={IEEE Transactions on Computers}, 
  title={New Algorithms for the Approximate Evaluation in Hardware of Binary Logarithms and Elementary Functions}, 
  year={1972},
  volume={C-21},
  number={12},
  pages={1416-1421},
  doi={10.1109/T-C.1972.223516}}
                  
@article{PERINI201837,
title = {Fast approximations of exponential and logarithm functions combined with efficient storage/retrieval for combustion kinetics calculations},
journal = {Combustion and Flame},
volume = {194},
pages = {37-51},
year = {2018},
issn = {0010-2180},
doi = {https://doi.org/10.1016/j.combustflame.2018.04.013},
url = {https://www.sciencedirect.com/science/article/pii/S0010218018301652},
author = {Federico Perini and Rolf D. Reitz},
keywords = {Exponential, Logarithm, Floating-point algebra, Table interpolation, chemical kinetics},
}

@INPROCEEDINGS{Reaclib,
       author = {{Meisel}, Zachary},
        title = "{REACLIB: A Reaction Rate Library for the Era of Collaborative Science}",
    booktitle = {APS Division of Nuclear Physics Meeting Abstracts},
         year = 2008,
       series = {APS Meeting Abstracts},
        month = oct,
          eid = {DA.064},
        pages = {DA.064},
       adsurl = {https://ui.adsabs.harvard.edu/abs/2008APS..DNP.DA064M},
      adsnote = {Provided by the SAO/NASA Astrophysics Data System}
}

@article{Sesame,
author="LYON S. P.",
title="SESAME : The Los Alamos National Laboratory Equation of State Database",
journal="Los Alamos National Laboratory report LA-UR-92-3407",
year="1992",
URL="https://cir.nii.ac.jp/crid/1572824499059761024"
}


@article{GW170817,
  title = {GW170817: Observation of Gravitational Waves from a Binary Neutron Star Inspiral},
  author = {Abbott, B. P. and others},
  collaboration = {LIGO Scientific Collaboration and Virgo Collaboration},
  journal = {Phys. Rev. Lett.},
  volume = {119},
  issue = {16},
  pages = {161101},
  numpages = {18},
  year = {2017},
  month = {Oct},
  publisher = {American Physical Society},
  doi = {10.1103/PhysRevLett.119.161101},
  url = {https://link.aps.org/doi/10.1103/PhysRevLett.119.161101}
}

@ARTICLE{EHTSagA,
       author = {{Akiyama}, Kazunori and others},
        title = "{First Sagittarius A* Event Horizon Telescope Results. I. The Shadow of the Supermassive Black Hole in the Center of the Milky Way}",
      journal = {Astrophysical Journal Letters},
     keywords = {Black holes, Kerr black holes, Rotating black holes, Heterodyne interferometry, Galactic center, 162, 886, 1406, 726, 565},
         year = 2022,
        month = may,
       volume = {930},
       number = {2},
          eid = {L12},
        pages = {L12},
          doi = {10.3847/2041-8213/ac6674},
       adsurl = {https://ui.adsabs.harvard.edu/abs/2022ApJ...930L..12A},
      adsnote = {Provided by the SAO/NASA Astrophysics Data System}
}

@book{grant2007relativistic,
  title={Relativistic Quantum Theory of Atoms and Molecules: Theory and Computation},
  author={Grant, I.P.},
  isbn={9780387350691},
  series={Springer Series on Atomic, Optical, and Plasma Physics},
  url={https://books.google.com/books?id=yYFCAAAAQBAJ},
  year={2007},
  publisher={Springer New York}
}

@article{BERGER1984484,
title = {Adaptive mesh refinement for hyperbolic partial differential equations},
journal = {Journal of Computational Physics},
volume = {53},
number = {3},
pages = {484-512},
year = {1984},
issn = {0021-9991},
doi = {https://doi.org/10.1016/0021-9991(84)90073-1},
url = {https://www.sciencedirect.com/science/article/pii/0021999184900731},
author = {Marsha J Berger and Joseph Oliger},
}
                  
@article{McKinney_2004,
	doi = {10.1086/422244},
	url = {https://doi.org/10.1086/422244},
	year = 2004,
	month = {aug},
	publisher = {American Astronomical Society},
	volume = {611},
	number = {2},
	pages = {977--995},
	author = {Jonathan C. McKinney and Charles F. Gammie},
	title = {A Measurement of the Electromagnetic Luminosity of a Kerr Black Hole},
	journal = {The Astrophysical Journal},
}
                  
@article{Pretorius,
  title = {Evolution of Binary Black-Hole Spacetimes},
  author = {Pretorius, Frans},
  journal = {Phys. Rev. Lett.},
  volume = {95},
  issue = {12},
  pages = {121101},
  numpages = {4},
  year = {2005},
  month = {Sep},
  publisher = {American Physical Society},
  doi = {10.1103/PhysRevLett.95.121101},
  url = {https://link.aps.org/doi/10.1103/PhysRevLett.95.121101}
}

@ARTICLE{Blinn,
  author={Blinn, J.F.},
  journal={IEEE Computer Graphics and Applications}, 
  title={Floating-point tricks}, 
  year={1997},
  volume={17},
  number={4},
  pages={80-84},
  doi={10.1109/38.595279}}

@ARTICLE{Hall,
  author={Hall, E.L. and Lynch, D.D. and Dwyer, S.J.},
  journal={IEEE Transactions on Computers}, 
  title={Generation of Products and Quotients Using Approximate Binary Logarithms for Digital Filtering Applications}, 
  year={1970},
  volume={C-19},
  number={2},
  pages={97-105},
  doi={10.1109/T-C.1970.222874}}

@book{goodfellow2016deep,
  title={Deep Learning},
  author={Goodfellow, I. and Bengio, Y. and Courville, A.},
  isbn={9780262337373},
  series={Adaptive Computation and Machine Learning series},
  url={https://books.google.com/books?id=omivDQAAQBAJ},
  year={2016},
  publisher={MIT Press}
}

@book{millar2011maximum,
  title={Maximum Likelihood Estimation and Inference: With Examples in R, SAS and ADMB},
  author={Millar, R.B.},
  isbn={9781119977711},
  lccn={2011013225},
  series={Statistics in Practice},
  url={https://books.google.com/books?id=qvzUGYmChxUC},
  year={2011},
  publisher={Wiley}
}
